@book{melrose2008quantum,
title={Quantum plasmadynamics: Magnetized plasmas},
author={Melrose, D.},
year={2013},
publisher={Springer Science \& Business Media},
address="New York, NY",
doi={10.1007/978-1-4614-4045-1}
}
@article{STAR:2005gfr,
    author = "Adams, John and others",
    collaboration = "STAR",
    title = "{Experimental and theoretical challenges in the search for the quark gluon plasma: The STAR Collaboration's critical assessment of the evidence from RHIC collisions}",
    eprint = "nucl-ex/0501009",
    archivePrefix = "arXiv",
    doi = "10.1016/j.nuclphysa.2005.03.085",
    journal = "Nucl. Phys. A",
    volume = "757",
    pages = "102--183",
    year = "2005"
}
@article{Mu:2025gtr,
    author = "Mu, Yu-Shan and Sun, Jing-An and Yan, Li and Huang, Xu-Guang",
    title = "{Extracting the Speed of Sound in Heavy-Ion Collisions: A Study of Quantum Fluctuations and Thermalization}",
    journal = "(preprint)",
    eprint = "2501.02777",
    archivePrefix = "arXiv",
    primaryClass = "nucl-th",
    month = "1",
    year = "2025"
}
@article{Birrell:2024bdb,
    author = "Birrell, Jeremiah and Formanek, Martin and Steinmetz, Andrew and Yang, Cheng Tao and Rafelski, Johann",
    title = "{Fermi-Dirac Integrals in Degenerate Regimes: Novel Asymptotic Expansion}",
    eprint = "2405.05287",
    archivePrefix = "arXiv",
    primaryClass = "cond-mat.quant-gas",
    doi = "10.1007/s10773-024-05695-8",
    journal = "Int. J. Theor. Phys.",
    volume = "63",
    number = "7",
    pages = "163",
    year = "2024"
}
@article{Rafelski:2024fej,
    author = "Rafelski, Johann and Birrell, Jeremiah and Grayson, Christopher and Steinmetz, Andrew and Yang, Cheng Tao",
    title = "{Quarks to Cosmos: Particles and Plasma in Cosmological evolution}",
    eprint = "2409.19031",
    archivePrefix = "arXiv",
    primaryClass = "hep-ph",
    month = "9",
    year = "2024"
}
@article{Kaspi:2017fwg,
    author = "Kaspi, Victoria M. and Beloborodov, Andrei",
    title = "{Magnetars}",
    eprint = "1703.00068",
    archivePrefix = "arXiv",
    primaryClass = "astro-ph.HE",
    doi = "10.1146/annurev-astro-081915-023329",
    journal = "Ann. Rev. Astron. Astrophys.",
    volume = "55",
    pages = "261--301",
    year = "2017"
}
@inproceedings{Palni:2024wdy,
    author = "Palni, Prabhakar and others",
    title = "{Dynamics of Hot QCD Matter 2024 -- Bulk Properties}",
    booktitle = "{2nd Hot QCD Matter Conference 2024}",
    eprint = "2412.10779",
    archivePrefix = "arXiv",
    primaryClass = "nucl-th",
    month = "12",
    year = "2024",
    note = "\href{https://arxiv.org/abs/2412.10779}{arXiv:2412.10779} [nucl-th]"
}
@article{Rafelski:1982pu,
    author = "Rafelski, Johann and Muller, Berndt",
    title = "{Strangeness Production in the Quark - Gluon Plasma}",
    reportNumber = "Print-82-0048 (FRANKFURT)",
    doi = "10.1103/PhysRevLett.48.1066",
    journal = "Phys. Rev. Lett.",
    volume = "48",
    pages = "1066",
    year = "1982",
    note = "[Erratum: Phys.Rev.Lett. 56, 2334 (1986)]"
}
@article{Jiang:2013nw,
author = "Jiang, B.F. and Hou, D.F. and Li, J.R. and Gao, Y.J.",
title = "{Refractive index in the viscous quark-gluon plasma}",
eprint = "1301.1789",
archivePrefix = "arXiv",
primaryClass = "hep-ph",
doi = "10.1103/PhysRevD.88.045014",
journal = "Phys. Rev. D",
volume = "88",
number = "4",
pages = "045014",
year = "2013"
}
@article{Letessier:2003uj,
author = "Letessier, J. and Rafelski, J.",
title = "{QCD equations of state and the QGP liquid model}",
eprint = "hep-ph/0301099",
archivePrefix = "arXiv",
doi = "10.1103/PhysRevC.67.031902",
journal = "Phys. Rev. C",
volume = "67",
pages = "031902",
year = "2003"
}
@book{Bellac:2011kqa,
author = "Bellac, Michel Le",
title = "Thermal Field Theory",
doi = "10.1017/CBO9780511721700",
isbn = "978-0-511-88506-8, 978-0-521-65477-7",
publisher = "Cambridge University Press",
address={Cambridge, UK},
series = "Cambridge Monographs on Mathematical Physics",
month = "3",
year = "2011"
}
@book{Kapusta:2006pm,
author = "Kapusta, J. I. and Gale, Charles",
title = "Finite-temperature field theory: Principles and applications",
doi = "10.1017/CBO9780511535130",
isbn = "978-0-521-17322-3, 978-0-521-82082-0, 978-0-511-22280-1",
publisher = "Cambridge University Press",
address={Cambridge, UK},
series = "Cambridge Monographs on Mathematical Physics",
year = "2011"
}
@article{HotQCD:2014kol,
    author = "Bazavov, A. and others",
    collaboration = "HotQCD",
    title = "{Equation of state in ( 2+1 )-flavor QCD}",
    eprint = "1407.6387",
    archivePrefix = "arXiv",
    primaryClass = "hep-lat",
    reportNumber = "BNL-105928-2014-JA",
    doi = "10.1103/PhysRevD.90.094503",
    journal = "Phys. Rev. D",
    volume = "90",
    pages = "094503",
    year = "2014"
}
@article{Linde:1980ts,
    author = "Linde, Andrei D.",
    title = {{Infrared Problem in Thermodynamics of the Yang-Mills Gas}},
    reportNumber = "LEBEDEV-80-106",
    doi = "10.1016/0370-2693(80)90769-8",
    journal = "Phys. Lett. B",
    volume = "96",
    pages = "289--292",
    year = "1980"
}
@article{Gross:1980br,
    author = "Gross, David J. and Pisarski, Robert D. and Yaffe, Laurence G.",
    title = {{QCD and Instantons at Finite Temperature}},
    reportNumber = "PRINT-80-0538 (PRINCETON)",
    doi = "10.1103/RevModPhys.53.43",
    journal = "Rev. Mod. Phys.",
    volume = "53",
    pages = "43",
    year = "1981"
}
@article{Bali:2014kia,
author = {Bali, G. S. and Bruckmann, F. and Endr\"odi, G. and Katz, S. D. and Sch\"afer, A.},
title = "{The QCD equation of state in background magnetic fields}",
eprint = "1406.0269",
archivePrefix = "arXiv",
primaryClass = "hep-lat",
doi = "10.1007/JHEP08(2014)177",
journal = "JHEP",
volume = "08",
pages = "177",
year = "2014"
}
@article{Hamieh:2000fh,
author = "Hamieh, S. and Letessier, J. and Rafelski, J.",
title = "{Quark gluon plasma fireball}",
eprint = "hep-ph/0006085",
archivePrefix = "arXiv",
reportNumber = "PAR-LPTHE-00-23",
doi = "10.1103/PhysRevC.62.064901",
journal = "Phys. Rev. C",
volume = "62",
pages = "064901",
year = "2000"
}
@book{Greiner:1995vqa,
author = {Greiner, W. and Neise, L. and St\"ocker, H.},
title = "Thermodynamics and Statistical Mechanics",
doi = "10.1007/978-1-4612-0827-3",
isbn = "978-0-387-94299-5, 978-1-4612-0827-3",
publisher = "Springer",
address = "New York, NY",
series = "Classical Theoretical Physics",
year = "1995"
}
@article{Jiang:2016dkf,
author = "Jiang, B. F. and Hou, D. F. and Li, J. R.",
title = "{Refractive index of quark-gluon plasma: Kinetic theory with a Bhatnagar-Gross-Krook collisional kernel}",
doi = "10.1103/PhysRevD.94.074026",
journal = "Phys. Rev. D",
volume = "94",
number = "7",
pages = "074026",
year = "2016"
}
@article{Alberty:2001,
title = {{Use of Legendre transforms in chemical thermodynamics (IUPAC Technical Report)}},
author = {R. A. Alberty},
pages = {1349--1380},
volume = {73},
number = {8},
journal = {Pure and Applied Chemistry},
doi = {doi:10.1351/pac200173081349},
year = {2001},
}
@article{ParticleDataGroup:2022pth,
author = "Workman, R. L. and others",
collaboration = "Particle Data Group",
title = "{Review of Particle Physics}",
doi = "10.1093/ptep/ptac097",
journal = "PTEP",
volume = "2022",
pages = "083C01",
year = "2022"
}
@article{Planck:2018vyg,
author = "Aghanim, N. and others",
collaboration = "Planck",
title = "{Planck 2018 results. VI. Cosmological parameters}",
archivePrefix = "arXiv",
eprint = "1807.06209",
primaryClass = "astro-ph.CO",
doi = "10.1051/0004-6361/201833910",
journal = "Astron. Astrophys.",
volume = "641",
pages = "A6",
year = "2020",
note = "[Erratum: Astron.Astrophys. 652, C4 (2021)]"
}
@article{Steinmetz:2018ryf,
author = "Steinmetz, A. and Formanek, M. and Rafelski, J.",
title = "{Magnetic Dipole Moment in Relativistic Quantum Mechanics}",
eprint = "1811.06233",
archivePrefix = "arXiv",
primaryClass = "hep-ph",
doi = "10.1140/epja/i2019-12715-5",
journal = "Eur. Phys. J. A",
volume = "55",
number = "3",
pages = "40",
year = "2019"
}
@article{Fromerth:2012fe,
author = "Fromerth, M. J. and Kuznetsova, I. and Labun, L. and Letessier, J. and Rafelski, J.",
editor = "Praszalowicz, Michal",
title = "{From Quark-Gluon Universe to Neutrino Decoupling: 200\ensuremath{<}T\ensuremath{<}2 MeV}",
eprint = "1211.4297",
archivePrefix = "arXiv",
primaryClass = "nucl-th",
doi = "10.5506/APhysPolB.43.2261",
journal = "Acta Phys. Polon. B",
volume = "43",
number = "12",
pages = "2261--2284",
year = "2012"
}
@article{Schwarz:2003du,
author = "Schwarz, D. J.",
title = "{The first second of the universe}",
eprint = "astro-ph/0303574",
archivePrefix = "arXiv",
doi = "10.1002/andp.200310010",
journal = "Annalen Phys.",
volume = "12",
pages = "220--270",
year = "2003"
}
@phdthesis{Yang:2024ret,
author = "Yang, C. T.",
title = "{Elementary Particles and Plasma in the First Hour of the Early Universe}",
eprint = "2401.09653",
school = "Arizona U.",
archivePrefix = "arXiv",
primaryClass = "hep-ph",
month = "1",
year = "2024",
note = "HDL:\href{https://hdl.handle.net/10150/670280}{10150/670280} \href{https://arxiv.org/abs/2401.09653}{arXiv:2401.09653} [hep-ph]"
}
@article{Ghosh:2025sjn,
    author = "Ghosh, Ritesh and Shovkovy, Igor A.",
    title = "{Neutrino energy and momentum emission from magnetized dense quark matter}",
    eprint = "2501.03318",
    archivePrefix = "arXiv",
    primaryClass = "hep-ph",
    month = "1",
    year = "2025"
}
@article{Ghosh:2024fkg,
    author = "Ghosh, Ritesh and Shovkovy, Igor A.",
    title = "{Electrical conductivity of hot relativistic plasma in a strong magnetic field}",
    eprint = "2404.01388",
    archivePrefix = "arXiv",
    primaryClass = "hep-ph",
    doi = "10.1103/PhysRevD.110.096009",
    journal = "Phys. Rev. D",
    volume = "110",
    number = "9",
    pages = "096009",
    year = "2024"
}
@phdthesis{Grayson:2024okq,
    author = "Grayson, Christopher",
    title = "{Dense Relativistic Matter-Antimatter Plasmas}",
    school = "The University of Arizona",
    year = "2024"
}
@article{Grayson:2024uwg,
    author = "Grayson, Christopher and Yang, Cheng Tao and Formanek, Martin and Rafelski, Johann",
    title = "{Self-consistent Strong Screening Applied to Thermonuclear Reactions}",
    eprint = "2406.13055",
    archivePrefix = "arXiv",
    primaryClass = "nucl-th",
    doi = "10.3847/1538-4357/ad7dee",
    journal = "Astrophys. J.",
    volume = "976",
    number = "1",
    pages = "31",
    year = "2024"
}
@article{Grayson:2023flr,
    author = "Grayson, Christopher and Yang, Cheng Tao and Formanek, Martin and Rafelski, Johann",
    title = "{Electron\textendash{}positron plasma in BBN: Damped-dynamic screening}",
    eprint = "2307.11264",
    archivePrefix = "arXiv",
    primaryClass = "astro-ph.CO",
    doi = "10.1016/j.aop.2023.169453",
    journal = "Annals Phys.",
    volume = "458",
    pages = "169453",
    year = "2023"
}
@article{Grayson:2022asf,
    author = "Grayson, Christopher and Formanek, Martin and Rafelski, Johann and Mueller, Berndt",
    title = "{Dynamic magnetic response of the quark-gluon plasma to electromagnetic fields}",
    eprint = "2204.14186",
    archivePrefix = "arXiv",
    primaryClass = "hep-ph",
    doi = "10.1103/PhysRevD.106.014011",
    journal = "Phys. Rev. D",
    volume = "106",
    number = "1",
    pages = "014011",
    year = "2022"
}
@article{Shovkovy:2022bnd,
    author = "Shovkovy, Igor A.",
    title = "{Electromagnetic Response in an Expanding Quark\textendash{}Gluon Plasma}",
    eprint = "2210.00691",
    archivePrefix = "arXiv",
    primaryClass = "nucl-th",
    doi = "10.3390/particles5040034",
    journal = "Particles",
    volume = "5",
    number = "4",
    pages = "442--450",
    year = "2022"
}
@article{Ghosh:2024owm,
    author = "Ghosh, Ritesh and Shovkovy, Igor A.",
    title = "{Anisotropic charge transport in strongly magnetized relativistic matter}",
    eprint = "2407.13828",
    archivePrefix = "arXiv",
    primaryClass = "hep-ph",
    doi = "10.1140/epjc/s10052-024-13570-3",
    journal = "Eur. Phys. J. C",
    volume = "84",
    number = "11",
    pages = "1179",
    year = "2024"
}
@article{Rafelski:2023zgp,
    author = "Rafelski, Johann and Steinmetz, Andrew and Yang, Cheng Tao",
    title = "{Dynamic fermion flavor mixing through transition dipole moments}",
    eprint = "2309.15797",
    archivePrefix = "arXiv",
    primaryClass = "hep-ph",
    doi = "10.1142/S0217751X23501634",
    journal = "Int. J. Mod. Phys. A",
    volume = "38",
    number = "31",
    pages = "2350163",
    year = "2023"
}
@phdthesis{Birrell:2014ona,
    author = "Birrell, Jeremiah",
    title = "{Non-Equilibrium Aspects of Relic Neutrinos: From Freeze-out to the Present Day}",
    eprint = "1409.4500",
    archivePrefix = "arXiv",
    primaryClass = "nucl-th",
    school = "Arizona U.",
    year = "2014",
    note = "HDL:\href{https://hdl.handle.net/10150/322969}{10150/322969} \href{https://arxiv.org/abs/1409.4500}{arXiv:1409.4500} [nucl-th]"
}
@article{Elze:1980er,
author = "Elze, H. T. and Greiner, W. and Rafelski, J.",
title = "{The relativistic Fermi gas revisited}",
doi = "10.1088/0305-4616/6/9/003",
journal = "J. Phys. G",
volume = "6",
pages = "L149--L153",
year = "1980"
}
@article{Steinmetz:2023nsc,
author = "Steinmetz, A. and Yang, C. T. and Rafelski, J.",
title = "{Matter-antimatter origin of cosmic magnetism}",
eprint = "2308.14818",
archivePrefix = "arXiv",
primaryClass = "hep-ph",
doi = "10.1103/PhysRevD.108.123522",
journal = "Phys. Rev. D",
volume = "108",
number = "12",
pages = "123522",
year = "2023"
}
@article{Rafelski:2023emw,
author = "Rafelski, J. and Birrell, J. and Steinmetz, A. and Yang, C. T.",
title = "{A Short Survey of Matter-Antimatter Evolution in the Primordial Universe}",
eprint = "2305.09055",
archivePrefix = "arXiv",
primaryClass = "hep-th",
doi = "10.3390/universe9070309",
journal = "Universe",
volume = "9",
number = "7",
pages = "309",
year = "2023"
}
@article{Bluhm:1997ci,
author = "Bluhm, R. and Kostelecky, V. A. and Russell, N.",
title = "{Testing CPT with anomalous magnetic moments}",
eprint = "hep-ph/9707364",
archivePrefix = "arXiv",
reportNumber = "IUHET-358, COLBY-97-01",
doi = "10.1103/PhysRevLett.79.1432",
journal = "Phys. Rev. Lett.",
volume = "79",
pages = "1432--1435",
year = "1997"
}
@article{Colladay:1996iz,
author = "Colladay, D. and Kostelecky, V. A.",
title = "{CPT violation and the standard model}",
eprint = "hep-ph/9703464",
archivePrefix = "arXiv",
reportNumber = "IUHET-354",
doi = "10.1103/PhysRevD.55.6760",
journal = "Phys. Rev. D",
volume = "55",
pages = "6760--6774",
year = "1997"
}
@article{Chin:1978gj,
author = "Chin, S. A.",
title = "{Transition to Hot Quark Matter in Relativistic Heavy Ion Collision}",
doi = "10.1016/0370-2693(78)90637-8",
journal = "Phys. Lett. B",
volume = "78",
pages = "552--555",
year = "1978"
}
@article{Farhi:1984qu,
author = "Farhi, Edward and Jaffe, R. L.",
title = "{Strange Matter}",
reportNumber = "MIT-CTP-1160",
doi = "10.1103/PhysRevD.30.2379",
journal = "Phys. Rev. D",
volume = "30",
pages = "2379",
year = "1984"
}
@article{BASE:2016yuo,
author = "Smorra, C. and others",
collaboration = "BASE",
title = "{A parts-per-billion measurement of the antiproton magnetic moment}",
doi = "10.1038/nature24048",
journal = "Nature",
volume = "550",
number = "7676",
pages = "371--374",
year = "2017"
}
@book{Letessier:2002ony,
place={Cambridge},
series={Cambridge Monographs on Particle Physics, Nuclear Physics and Cosmology},
title={Hadrons and Quark–Gluon Plasma},
doi={10.1017/9781009290753},
publisher={Cambridge University Press},
address = "Cambridge, UK",
author={Letessier, J. and Rafelski, J.},
year={2023},
collection={Cambridge Monographs on Particle Physics, Nuclear Physics and Cosmology},
note={\emph{Open access.} [eBook. Orig. pub. 2002]}
}
@article{Uzan:2024ded,
author = "Uzan, J.-P.",
title = "{Fundamental constants: from measurement to the universe, a window on gravitation and cosmology}",
eprint = "2410.07281",
journal = "arXiv preprint",
archivePrefix = "arXiv",
primaryClass = "astro-ph.CO",
month = "10",
year = "2024",
}
@article{Uzan:2010pm,
author = "Uzan, J.-P.",
title = "{Varying Constants, Gravitation and Cosmology}",
eprint = "1009.5514",
archivePrefix = "arXiv",
primaryClass = "astro-ph.CO",
doi = "10.12942/lrr-2011-2",
journal = "Living Rev. Rel.",
volume = "14",
pages = "2",
year = "2011"
}
@article{Sigl:1996dm,
author = "Sigl, G. and Olinto, A. V. and Jedamzik, K.",
title = "{Primordial magnetic fields from cosmological first order phase transitions}",
eprint = "astro-ph/9610201",
archivePrefix = "arXiv",
doi = "10.1103/PhysRevD.55.4582",
journal = "Phys. Rev. D",
volume = "55",
pages = "4582--4590",
year = "1997"
}
@article{Rafelski:2015cxa,
author = "Rafelski, J.",
title = "{Melting Hadrons, Boiling Quarks}",
eprint = "1508.03260",
archivePrefix = "arXiv",
primaryClass = "nucl-th",
reportNumber = "CERN-PH-TH-2015-194",
doi = "10.1140/epja/i2015-15114-0",
journal = "Eur. Phys. J. A",
volume = "51",
number = "9",
pages = "114",
year = "2015"
}
@phdthesis{Steinmetz:2023ucp,
author = "Steinmetz, A.",
title = "{Modern topics in relativistic spin dynamics and magnetism}",
eprint = "2310.07193",
archivePrefix = "arXiv",
primaryClass = "hep-ph",
school = "Arizona U.",
year = "2023",
note = "HDL:\href{https://hdl.handle.net/10150/670301}{10150/670301} \href{https://arxiv.org/abs/2310.07193}{arXiv:2310.07193} [hep-ph]"
}
@article{Subramanian:2015lua,
author = "Subramanian, K.",
title = "{The origin, evolution and signatures of primordial magnetic fields}",
eprint = "1504.02311",
archivePrefix = "arXiv",
primaryClass = "astro-ph.CO",
doi = "10.1088/0034-4885/79/7/076901",
journal = "Rept. Prog. Phys.",
volume = "79",
number = "7",
pages = "076901",
year = "2016"
}
@article{Durrer:2013pga,
author = "Durrer, R. and Neronov, A.",
title = "{Cosmological Magnetic Fields: Their Generation, Evolution and Observation}",
eprint = "1303.7121",
archivePrefix = "arXiv",
primaryClass = "astro-ph.CO",
doi = "10.1007/s00159-013-0062-7",
journal = "Astron. Astrophys. Rev.",
volume = "21",
pages = "62",
year = "2013"
}
@article{Bali:2011qj,
author = "Bali, G. S. and Bruckmann, F. and Endrodi, G. and Fodor, Z. and Katz, S. D. and Krieg, S. and Schafer, A. and Szabo, K. K.",
title = "{The QCD phase diagram for external magnetic fields}",
eprint = "1111.4956",
archivePrefix = "arXiv",
primaryClass = "hep-lat",
doi = "10.1007/JHEP02(2012)044",
journal = "JHEP",
volume = "02",
pages = "044",
year = "2012"
}
@article{Boyarsky:2011uy,
author = "Boyarsky, A. and Frohlich, J. and Ruchayskiy, O.",
title = "{Self-consistent evolution of magnetic fields and chiral asymmetry in the early Universe}",
eprint = "1109.3350",
archivePrefix = "arXiv",
primaryClass = "astro-ph.CO",
reportNumber = "CERN-PH-TH-2011-231",
doi = "10.1103/PhysRevLett.108.031301",
journal = "Phys. Rev. Lett.",
volume = "108",
pages = "031301",
year = "2012"
}
@article{Kandus:2010nw,
author = "Kandus, A. and Kunze, K. E. and Tsagas, C. G.",
title = "{Primordial magnetogenesis}",
eprint = "1007.3891",
archivePrefix = "arXiv",
primaryClass = "astro-ph.CO",
doi = "10.1016/j.physrep.2011.03.001",
journal = "Phys. Rept.",
volume = "505",
pages = "1--58",
year = "2011"
}
@article{Fukushima:2008xe,
author = "Fukushima, K. and Kharzeev, D. E. and Warringa, H. J.",
title = "{The Chiral Magnetic Effect}",
eprint = "0808.3382",
archivePrefix = "arXiv",
primaryClass = "hep-ph",
doi = "10.1103/PhysRevD.78.074033",
journal = "Phys. Rev. D",
volume = "78",
pages = "074033",
year = "2008"
}
@article{Shuryak:2004cy,
author = "Shuryak, E. V.",
editor = "Rischke, D. and Levin, G.",
title = "{What RHIC experiments and theory tell us about properties of quark-gluon plasma?}",
eprint = "hep-ph/0405066",
archivePrefix = "arXiv",
doi = "10.1016/j.nuclphysa.2004.10.022",
journal = "Nucl. Phys. A",
volume = "750",
pages = "64--83",
year = "2005"
}
@article{Widrow:2002ud,
author = "Widrow, L. M.",
title = "{Origin of galactic and extragalactic magnetic fields}",
eprint = "astro-ph/0207240",
archivePrefix = "arXiv",
doi = "10.1103/RevModPhys.74.775",
journal = "Rev. Mod. Phys.",
volume = "74",
pages = "775--823",
year = "2002"
}
@article{Dolgov:2002wy,
author = "Dolgov, A. D.",
title = "{Neutrinos in cosmology}",
eprint = "hep-ph/0202122",
archivePrefix = "arXiv",
reportNumber = "INFN-FE",
doi = "10.1016/S0370-1573(02)00139-4",
journal = "Phys. Rept.",
volume = "370",
pages = "333--535",
year = "2002"
}
@article{Grasso:2000wj,
author = "Grasso, D. and Rubinstein, H. R.",
title = "{Magnetic fields in the early universe}",
eprint = "astro-ph/0009061",
archivePrefix = "arXiv",
reportNumber = "DFPD-00-TH-35",
doi = "10.1016/S0370-1573(00)00110-1",
journal = "Phys. Rept.",
volume = "348",
pages = "163--266",
year = "2001"
}
@article{Baym:1995fk,
author = "Baym, G. and Bodeker, D. and McLerran, L. D.",
title = "{Magnetic fields produced by phase transition bubbles in the electroweak phase transition}",
eprint = "hep-ph/9507429",
archivePrefix = "arXiv",
reportNumber = "TPI-MINN-95-19-T, NUC-MINN-95-15-T, HEP-MINN-95-1344",
doi = "10.1103/PhysRevD.53.662",
journal = "Phys. Rev. D",
volume = "53",
pages = "662--667",
year = "1996"
}
@article{Vachaspati:1991nm,
author = "Vachaspati, T.",
title = "{Magnetic fields from cosmological phase transitions}",
doi = "10.1016/0370-2693(91)90051-Q",
journal = "Phys. Lett. B",
volume = "265",
pages = "258--261",
year = "1991"
}
@book{Kolb:1990vq,
author = "Kolb, E. W.",
title = "The Early Universe",
reportNumber = "FERMILAB-BOOK-1990-01",
doi = "10.1201/9780429492860",
isbn = "978-0-429-49286-0, 978-0-201-62674-2",
publisher = "CRC Press",
address = "Boca Raton, FL",
month = "5",
year = "2019",
note = "[eBook (1st ed.). Orig. pub. 1990]"
}
@article{Riotto:1999yt,
author = "Riotto, A. and Trodden, M.",
title = "{Recent progress in baryogenesis}",
eprint = "hep-ph/9901362",
archivePrefix = "arXiv",
reportNumber = "CERN-TH-99-04, CWRU-P6-99",
doi = "10.1146/annurev.nucl.49.1.35",
journal = "Ann. Rev. Nucl. Part. Sci.",
volume = "49",
pages = "35--75",
year = "1999"
}
@article{Dine:2003ax,
author = "Dine, M. and Kusenko, A.",
title = "{The Origin of the matter - antimatter asymmetry}",
eprint = "hep-ph/0303065",
archivePrefix = "arXiv",
reportNumber = "SCIPP-2003-08, UCLA-03-TEP-08",
doi = "10.1103/RevModPhys.76.1",
journal = "Rev. Mod. Phys.",
volume = "76",
pages = "1",
year = "2003"
}